<record><leader>00000cas a2200000 a 4500</leader><controlfield tag="001">10471296</controlfield><controlfield tag="008">840229d18561886ncuwr ne      0   a0eng d</controlfield><datafield ind1=" " ind2=" " tag="010"><subfield code="a">sn 84026526 </subfield></datafield><datafield ind1=" " ind2=" " tag="040"><subfield code="a">NPU</subfield><subfield code="b">eng</subfield><subfield code="c">NPU</subfield><subfield code="d">DLC</subfield><subfield code="d">NPX</subfield><subfield code="d">NYS</subfield><subfield code="d">NVJ</subfield><subfield code="d">DLC</subfield><subfield code="d">NVJ</subfield><subfield code="d">OCLCQ</subfield><subfield code="d">KRTAS</subfield><subfield code="d">OCLCQ</subfield><subfield code="d">OCLCF</subfield><subfield code="d">OCLCO</subfield><subfield code="d">DLC</subfield><subfield code="d">NOC</subfield><subfield code="d">DLC</subfield></datafield><datafield ind1="0" ind2=" " tag="022"><subfield code="a">2472-2863</subfield><subfield code="2">1</subfield></datafield><datafield ind1=" " ind2=" " tag="042"><subfield code="a">msc</subfield><subfield code="a">nsdp</subfield></datafield><datafield ind1=" " ind2=" " tag="043"><subfield code="a">n-us-nc</subfield></datafield><datafield ind1="0" ind2="0" tag="050"><subfield code="a">Newspaper</subfield></datafield><datafield ind1="1" ind2="0" tag="082"><subfield code="a">071</subfield><subfield code="2">23</subfield></datafield><datafield ind1="0" ind2=" " tag="130"><subfield code="a">Western sentinel (Winston-Salem, N.C.)</subfield></datafield><datafield ind1=" " ind2="0" tag="222"><subfield code="a">Western sentinel</subfield><subfield code="b">(Winston-Salem, N.C. Print)</subfield></datafield><datafield ind1="1" ind2="0" tag="245"><subfield code="a">Western sentinel.</subfield></datafield><datafield ind1=" " ind2=" " tag="260"><subfield code="a">Winston [i.e. Winston-Salem], N.C. :</subfield><subfield code="b">Alspaugh &amp; Boner</subfield></datafield><datafield ind1=" " ind2=" " tag="300"><subfield code="a">v. ;</subfield><subfield code="c">61 cm.</subfield></datafield><datafield ind1=" " ind2=" " tag="310"><subfield code="a">Weekly</subfield></datafield><datafield ind1=" " ind2=" " tag="336"><subfield code="a">text</subfield><subfield code="b">txt</subfield><subfield code="2">rdacontent</subfield></datafield><datafield ind1=" " ind2=" " tag="337"><subfield code="a">unmediated</subfield><subfield code="b">n</subfield><subfield code="2">rdamedia</subfield></datafield><datafield ind1=" " ind2=" " tag="338"><subfield code="a">volume</subfield><subfield code="b">nc</subfield><subfield code="2">rdacarrier</subfield></datafield><datafield ind1="1" ind2=" " tag="362"><subfield code="a">Began in 1856; ceased in 1886.</subfield></datafield><datafield ind1=" " ind2=" " tag="500"><subfield code="a">Democratic.</subfield></datafield><datafield ind1=" " ind2=" " tag="530"><subfield code="a">Archived issues are available in digital format from the Library of Congress Chronicling America online collection.</subfield></datafield><datafield ind1=" " ind2=" " tag="580"><subfield code="a">Daily ed.: Twin City daily, 1885-1886.</subfield></datafield><datafield ind1=" " ind2=" " tag="588"><subfield code="a">Description based on: Vol. 1, no. 9 (July 11, 1856).</subfield></datafield><datafield ind1=" " ind2="0" tag="651"><subfield code="a">Winston-Salem (N.C.)</subfield><subfield code="v">Newspapers.</subfield></datafield><datafield ind1=" " ind2="0" tag="651"><subfield code="a">Forsyth County (N.C.)</subfield><subfield code="v">Newspapers.</subfield></datafield><datafield ind1=" " ind2="7" tag="651"><subfield code="a">North Carolina</subfield><subfield code="z">Forsyth County.</subfield><subfield code="2">fast</subfield><subfield code="0">(OCoLC)fst01207435</subfield></datafield><datafield ind1=" " ind2="7" tag="651"><subfield code="a">North Carolina</subfield><subfield code="z">Winston-Salem.</subfield><subfield code="2">fast</subfield><subfield code="0">(OCoLC)fst01206125</subfield></datafield><datafield ind1=" " ind2="7" tag="655"><subfield code="a">Newspapers.</subfield><subfield code="2">fast</subfield><subfield code="0">(OCoLC)fst01423814</subfield></datafield><datafield ind1=" " ind2=" " tag="752"><subfield code="a">United States</subfield><subfield code="b">North Carolina</subfield><subfield code="c">Forsyth</subfield><subfield code="d">Winston-Salem.</subfield></datafield><datafield ind1=" " ind2=" " tag="752"><subfield code="a">United States</subfield><subfield code="b">North Carolina</subfield><subfield code="c">Forsyth</subfield><subfield code="d">Winston.</subfield></datafield><datafield ind1="1" ind2=" " tag="775"><subfield code="t">Twin City daily</subfield><subfield code="w">(DLC)sn 93065784</subfield><subfield code="w">(OCoLC)27789470</subfield></datafield><datafield ind1="0" ind2="8" tag="776"><subfield code="i">Online version:</subfield><subfield code="t">Western sentinel (Winston-Salem, N.C.)</subfield><subfield code="x">2472-2871</subfield><subfield code="w">(DLC)  2016271071</subfield><subfield code="w">(OCoLC)948671376</subfield></datafield><datafield ind1="0" ind2="5" tag="780"><subfield code="t">Winston leader</subfield><subfield code="w">(DLC)sn 85042326</subfield><subfield code="w">(OCoLC)12156487</subfield></datafield><datafield ind1="0" ind2="0" tag="785"><subfield code="t">Weekly sentinel (Winston-Salem, N.C.)</subfield><subfield code="w">(DLC)sn 92073231</subfield><subfield code="w">(OCoLC)27160825</subfield></datafield><datafield ind1="4" ind2="1" tag="856"><subfield code="u">http://www.loc.gov/chroniclingamerica/lccn/sn84026526/issues</subfield></datafield><datafield ind1=" " ind2=" " tag="938"><subfield code="a">Kirtas Technologies, Inc.</subfield><subfield code="b">KRTS</subfield><subfield code="n">738223</subfield></datafield><datafield ind1="1" ind2=" " tag="029"><subfield code="a">AU@</subfield><subfield code="b">000026223291</subfield></datafield></record>